<record><leader>00000cas a22000007a 4500</leader><controlfield tag="001">13118834</controlfield><controlfield tag="008">860207d19041908wvudr ne      0    0eng d</controlfield><datafield ind1=" " ind2=" " tag="010"><subfield code="a">sn 86092168 </subfield></datafield><datafield ind1=" " ind2=" " tag="040"><subfield code="a">WVC</subfield><subfield code="b">eng</subfield><subfield code="c">WVC</subfield><subfield code="d">OCL</subfield><subfield code="d">NVK</subfield><subfield code="d">OCLCQ</subfield><subfield code="d">OCLCF</subfield><subfield code="d">OCLCO</subfield></datafield><datafield ind1="1" ind2=" " tag="029"><subfield code="a">AU@</subfield><subfield code="b">000020128500</subfield></datafield><datafield ind1=" " ind2=" " tag="042"><subfield code="a">msc</subfield></datafield><datafield ind1=" " ind2=" " tag="043"><subfield code="a">n-us-wv</subfield></datafield><datafield ind1="0" ind2="0" tag="245"><subfield code="a">Morgantown daily post.</subfield></datafield><datafield ind1=" " ind2=" " tag="260"><subfield code="a">Morgantown, W. Va. :</subfield><subfield code="b">Morgantown Post Co.</subfield></datafield><datafield ind1=" " ind2=" " tag="300"><subfield code="a">v.</subfield></datafield><datafield ind1=" " ind2=" " tag="310"><subfield code="a">Daily</subfield></datafield><datafield ind1="0" ind2=" " tag="362"><subfield code="a">Vol. 5, no. 96 (Mar. 31, 1904)-v. 8, no. 234 (June 1, 1908).</subfield></datafield><datafield ind1=" " ind2=" " tag="580"><subfield code="a">Also issued in weeklies entitled: Morgantown post; and: Morgantown weekly post.</subfield></datafield><datafield ind1=" " ind2="0" tag="651"><subfield code="a">Morgantown (W. Va.)</subfield><subfield code="v">Newspapers.</subfield></datafield><datafield ind1=" " ind2="7" tag="655"><subfield code="a">Newspapers.</subfield><subfield code="2">fast</subfield><subfield code="0">(OCoLC)fst01423814</subfield></datafield><datafield ind1=" " ind2="7" tag="651"><subfield code="a">West Virginia</subfield><subfield code="z">Morgantown.</subfield><subfield code="2">fast</subfield><subfield code="0">(OCoLC)fst01205436</subfield></datafield><datafield ind1=" " ind2=" " tag="752"><subfield code="a">United States</subfield><subfield code="b">West Virginia</subfield><subfield code="c">Monongalia</subfield><subfield code="d">Morgantown.</subfield></datafield><datafield ind1="1" ind2=" " tag="775"><subfield code="t">Morgantown post (Morgantown, W. Va.)</subfield><subfield code="w">(DLC)sn 86092171</subfield></datafield><datafield ind1="1" ind2=" " tag="775"><subfield code="t">Morgantown weekly post (Morgantown, W. Va. : 1906)</subfield><subfield code="w">(DLC)sn 86092175</subfield></datafield><datafield ind1="0" ind2="0" tag="780"><subfield code="t">Morgantown evening post</subfield><subfield code="w">(DLC)sn 86092167</subfield></datafield><datafield ind1="0" ind2="7" tag="785"><subfield code="t">Morgantown chronicle (Morgantown, W. Va. : Daily)</subfield><subfield code="w">(DLC)sn 86092196</subfield></datafield><datafield ind1="0" ind2="7" tag="785"><subfield code="t">Morgantown post-chronicle (Morgantown, W. Va. : Daily)</subfield><subfield code="w">(DLC)sn 86092169</subfield></datafield></record>